<?xml version="1.0" encoding="UTF-8"?><collection xmlns="http://www.loc.gov/MARC21/slim"><record><leader>00412nam--2200157-i-4500</leader><controlfield tag="001">000005778</controlfield><controlfield tag="002">20161230</controlfield><controlfield tag="005">20170114215536</controlfield><controlfield tag="008">060222s1000------------r-----000-0-eng-d</controlfield><datafield ind1=" " ind2=" " tag="100"><subfield code="a">Cahen, Gilbert</subfield></datafield><datafield ind1=" " ind2=" " tag="245"><subfield code="a">Nuclear engineering. Translated by G.B. Melese</subfield></datafield><datafield ind1=" " ind2=" " tag="260"><subfield code="a">Boston</subfield><subfield code="b">Allyn And Bacon,Inc</subfield><subfield code="c">1961</subfield></datafield><datafield ind1=" " ind2=" " tag="300"><subfield code="a">XI + 394 p</subfield></datafield><datafield ind1=" " ind2=" " tag="700"><subfield code="a">Treille, Pierre</subfield></datafield><datafield ind1=" " ind2=" " tag="852"><subfield code="a">17102</subfield></datafield><datafield ind1=" " ind2=" " tag="CAT"><subfield code="a">SYS</subfield><subfield code="c">20170114</subfield><subfield code="h">215536</subfield></datafield></record></collection>